@book{artofmultiproc,
    author        = {Maurice Herlihy, Nir Shavit},
    title         = {The Art of Multiprocessor Programming},
    year          = {2012},
    publisher = {Elsevier, Inc.}
}

@book{gustafssonNDE,
    author        = {Bertil Gustafsson, Heinz-Otto Kreiss},
    title         = {Time‐Dependent Problems and Difference Methods},
    year          = {2013},
    publisher     = {John Wiley \& Sons, Inc., Hoboken, New Jersey}
}

@book{leveque,
    author        = {Randall LeVeque},
    title         = {Finite Volume Methods for Hyperbolic Problems},
    year          = {2013},
    publisher     = {Cambridge Texts in Applied Mathematics}
}

@book{NDElecture,
    author        = {Anna-Karin Tornberg},
    title         = {Lecture notes on Numerical Solutions of Differential Equations},
    year          = {2022},
    publisher     = {Kungliga Tekniska Högskolan}
}

@book{CFDlecture,
    author        = {Philipp Schlatter, Ardeshir Hanifi},
    title         = {Lecture notes on Computational Fluid Dynamics, SG2212},
    year          = {2022},
    publisher     = {Kungliga Tekniska Högskolan}
}

@misc{svozilmathmethods,
    doi           = {10.48550/ARXIV.1203.4558},
    url           = {https://arxiv.org/abs/1203.4558},
    author        = {Svozil, Karl},
    keywords      = {Mathematical Physics (math-ph), FOS: Physical sciences, FOS:      Physical sciences},
    title         = {Mathemathical methods of theoretical physics},
    publisher     = {arXiv},
    year          = {2012},
    copyright     = {arXiv.org perpetual, non-exclusive license}
}

@book{hoffmanCSE,
    title         = {Methods in Computational Science},
    author        = {Hoffman, J.},
    isbn          = {9781611976724},
    lccn          = {2021018694},
    series        = {Computational science and engineering},
    url           = {https://epubs-siam-org.focus.lib.kth.se/doi/book/10.1137/1.97     1611976724},
    year          = {2021},
    publisher     = {Society for Industrial and Applied Mathematics}
}

@misc{SDElecture,
    author        = {Jesper Carlsson Kyoung-Sook Moon Anders Szepessy},
    title         = {Stochastic Differential Equations: Models and Numerics},
    year          = {2021},
    url           = {https://people.kth.se/~szepessy/sdepde.pdf},
    publisher     = {KTH Royal Institute of Technology},
}

@book{stochcalc,
    author        = {Boualem Djehiche},
    title         = {Stochastic Calculus - An Introduction with Applications},
    year          = {2000},
    publisher     = {Kungliga Tekniska Högskolan}
}

@book{introplasmaphysics,
    author = {Francis F Chen and Humberto Torreblanca},
    title = {Introduction to Plasma Physics and controlled fusion, third edition},
    year = {2016}
}

@book{computationalplasmaphysics,
    author = {Jardin, Stephen},
    title = {Computational Methods in Plasma Physics},
    year = {2010},
    isbn = {1439810214},
    publisher = {CRC Press, Inc.},
    address = {USA},
    edition = {1st},
}

@book{geomagneticrad,
    place={Cambridge},
    series={Cambridge Atmospheric and Space Science Series},
    title={Introduction to Geomagnetically Trapped Radiation},
    DOI={10.1017/CBO9780511524981},
    publisher={Cambridge University Press},
    author={Walt, Martin},
    year={1994},
    collection={Cambridge Atmospheric and Space Science Series}
}

@book{advCFDlecture,
    author        = {Johan Hoffman},
    title         = {Lecture notes Advanced Computations in Fluid Mechanics},
    year          = {2022},
    publisher     = {Kungliga Tekniska Högskolan}
}

@misc{numpdeschoeberl,
    author        = {Joachim Schöberl},
    title         = {Numerical Methods for Partial Differential Equations},
    publisher     = {TU Wien},
    year          = {2018},
}

@misc{numpdefaustmann,
    author        = {Markus Faustmann},
    title         = {Numerical Methods for Partial Differential Equations},
    publisher     = {TU Wien},
    year          = {2022},
}

@misc{numpdehiptmair,
    author        = {Ralf Hiptmair},
    title         = {Numerical Methods for Partial Differential Equations},
    publisher     = {ETH Zürich},
    year          = {2022},
}

@book{FEMbook,
    author        = {Ern Alexandre, Jean-Luc Guermond},
    title         = {Theory and Practice of Finite Elements},
    publisher     = {Springer},
    year          = {2004},
}

@article{MEHCpaper,
	doi = {10.1016/j.jcp.2021.110868},
	url = {https://doi.org/10.1016%2Fj.jcp.2021.110868},
	year = 2022,
	month = {feb},
	publisher = {Elsevier {BV}},
	volume = {451},
	pages = {110868},
	author = {Yi Zhang and Artur Palha and Marc Gerritsma and Leo G. Rebholz},
	title = {A mass-, kinetic energy- and helicity-conserving mimetic dual-field discretization for three-dimensional incompressible Navier-Stokes equations, part I: Periodic domains},
	journal = {Journal of Computational Physics}
}

@book{arnoldODE,
  title={Ordinary Differential Equations},
  author={Arnold, V.I. and Silverman, R.A.},
  isbn={978-3-540-34563-3},
  year={1992},
  publisher={Springer}
}
